@book{brennan2009guide,
  title={A guide to the business analysis body of knowledge (Babok Guide)},
  author={Brennan, Kevin and others},
  year={2009},
  publisher={International Institute of business analysis}
}