%% ##  These are examples of BibTeX entries.  You should be able to represent
%% ##  all the entries you need from this set of examples.

@book{latex,
   author = "Leslie Lamport",
   publisher = "Addison-Wesley",
   title = "{LaTeX \rm:} {A} Document Preparation System",
   year = "1986"
}

@unpublished{btxdoc,
   author = "Oren Patashnik",
   month = jan,
   note = "Documentation for general {BibTeX} users",
   title = "{{BibTeX ing}}",
   year = "1988"
}

@InProceedings{Aguilar2001a,
  title =        "Fuzzy Classifier System and Genetic Programming on
                 System Identification Problems",
  author =       "Jose Aguilar and Mariela Cerrada",
  pages =        "1245--1251",
  year =        2001,
  publisher =   {Morgan Kaufmann},
  booktitle =   {Proceedings of the Genetic and Evolutionary Computation Conference (GECCO-2001)},
  editor =      {Lee Spector and Erik D. Goodman and Annie Wu and W.B. Langdon and Hans-Michael Voigt and Mitsuo Gen and Sandip Sen and Marco Dorigo and Shahram Pezeshk and Max H. Garzon and Edmund Burke},
  address =     {San Francisco, California, USA},
  publisher_address =   {San Francisco, CA 94104, USA},
  month =       {7-11 July},
  keywords =    {LCS, genetic algorithms, genetic programming, real world applications},
  ISBN =        {1-55860-774-9},
}

@InCollection{Armano2002a,
  author = 	 {G. Armano and M. Marchesi and A. Murru},
  title = 	 {NXCS: Hybrid Approach to Stock
Indexes Forecasting},
  booktitle = 	 {Genetic Algorithms and Genetic Programming
in Computational Finance},
  keywords = 	 {LCS},
  pages = 	 {125--158},
  publisher =    {Kluwer},
  year = 	 {2002},
  editor = 	 {Shu-Heng Chen},
  chapter = 	 {6},
}

@Article{Armano2002b,
  author = 	 {G. Armano and A. Murru and F. Roli},
  title = 	 {Stock Market Prediction by a
Mixture of Genetic-Neural Experts},
  journal = 	 {International Journal of Pattern
Recognition and Artificial Intelligence},
  year = 	 {2002},
  keywords = 	 {LCS},
  volume = 	 {16},
  number = 	 {5},
  pages = 	 {501--526},
}

@MastersThesis{Camilli1990a,
  author =       "Alessio Camilli",
  title =        "{Classifier systems in massively parallel
                 architectures}",
  year =         "1990",
  school =       "University of Pisa",
  keywords =     "LCS",
  note =         "(In Italian)",
}

@PhdThesis{Booker1982a,
  author =       "Lashon B. Booker",
  keywords =     "LCS, genetic-algorithms",
  school =       "{The University of Michigan}",
  title =        "{Intelligent Behavior as an Adaptation to the Task
                 Environment}",
  year =         "1982",
  comment =      "{\it ~\\ The genetic algorithm is applied to simulated
                 organisms based on Holland's classifier systems to
                 adapt their behavioral responses to complex
                 environments.}",
}

@INPROCEEDINGS{6758978, 
author={Hamari, J. and Koivisto, J. and Sarsa, H.}, 
booktitle={System Sciences (HICSS), 2014 47th Hawaii International Conference on}, 
title={Does Gamification Work? -- A Literature Review of Empirical Studies on Gamification}, 
year={2014}, 
month={Jan}, 
pages={3025-3034}, 
keywords={behavioural sciences;game theory;dependent variables;empirical studies;gamification work;gamified systems;independent variables;literature review;psychological-behavioral outcomes;Context;Databases;Educational institutions;Games;Libraries;Psychology;HCI;gamification;motivation;motivational affordance;persuasive technology}, 
doi={10.1109/HICSS.2014.377},}

@TechReport{Butz1999a,
  author =       "Martin Butz and David E. Goldberg and Wolfgang
                 Stolzmann",
  title =        "{New challenges for an ACS: Hard problems and possible
                 solutions}",
  institution =  "University of Illinois at Urbana-Champaign",
  year =         "1999",
  number =       "99019",
  address =      "Urbana, IL",
  month =        oct,
  keywords =     "LCS",
  URL =          {http://www-illigal.ge.uiuc.edu/cgi-bin/orderform/orderform.cgi},
  archive =      "Butz1999a.ps.gz",
}

@Book{Handbook_Of_EC,
  title =        "{Handbook of Evolutionary Computation}",
  booktitle =    "{Handbook of Evolutionary Computation}",
  editor =       "Thomas B{\"a}ck and David B. Fogel and Zbigniew
                 Michalewicz",
  note =         "http://www.iop.org/Books/Catalogue/",
  publisher =    "Institute of Physics Publishing and Oxford University
                 Press",
  year =         "1997",
  keywords =     "LCS",
  URL =          "http://www.iop.org/Books/Catalogue/",
}

@Proceedings{IWLCS99,
  title =        "{Proceedings of the 1999 Genetic and Evolutionary
                 Computation Conference Workshop Program}",
  booktitle =    "{Proceedings of the 1999 Genetic and Evolutionary
                 Computation Conference Workshop Program}",
  year =         "1999",
  editor =       "Annie S. Wu",
  
  
}

@INPROCEEDINGS{ecosystem, 
author={Madlmayr, G. and Langer, J. and Scharinger, J.}, 
booktitle={Mobile Business, 2008. ICMB '08. 7th International Conference on}, 
title={Managing an NFC Ecosystem}, 
year={2008}, 
month={July}, 
pages={95-101}, 
keywords={electronic commerce;open systems;B2B relations management;card emulation;contactless scheme;loyalty;near field communication ecosystem;payment;ticketing;Ecosystems;Emulation;ISO standards;Information retrieval;Integrated circuit technology;Mobile computing;Peer to peer computing;Smart cards;Telephone sets;Transponders;Contactless Applications;NFC;OTA Management;Platform Management}, 
doi={10.1109/ICMB.2008.30},}

@Misc{IWLCS2000,
  title =        "{Proceedings of the International Workshop on Learning
                 Classifier Systems (IWLCS-2000), in the Joint Workshops
                 of SAB 2000 and PPSN 2000}",
  booktitle =    "{Proceedings of the International Workshop on Learning
                 Classifier Systems (IWLCS-2000), in the Joint Workshops
                 of SAB 2000 and PPSN 2000}",
  year =         "2000",
  note =         "Pier Luca Lanzi, Wolfgang Stolzmann and Stewart W.
                 Wilson (workshop organisers)",
}

@Misc{marketShare,
title = "{Smartphone OS Market Share, Q2 2014}",

howpublished = {"http://www.idc.com/prodserv/smartphone-os-market-share.jsp"},

note = {Accessed: 9/10/2014}

}

@article{park2014study,
  title={Study and Research of Gamification Design.},
  author={Park, Hee Jung and Bae, Jae Hwan},
  journal={International Journal of Software Engineering \& Its Applications},
  volume={8},
  number={8},
  year={2014}
}

@article{deterding2014ambiguity,
  title={The Ambiguity of Games: Histories and Discourses of a Gameful World},
  author={Deterding, Sebastian},
  year={2014},
  publisher={The Gameful World. Approaches, Issues, Applications. Cambridge, MA: MIT Press}
}

@book{coonradt1985game,
  title={The Game of Work: How to Enjoy Work as Much as Play},
  author={Coonradt, C.A. and Nelson, L.},
  isbn={9780877477716},
  lccn={85014241},
  year={1985},
  publisher={Shadow Mountain}
}

@book{nickPelling,
  title={Nick Pelling},
  author={Interviewed by Gamification World Conference},
  year={9th May 2014},
  publisher={at Gamification World Conference}
}

@inproceedings{nfctable,
  title={NFC research framework: a literature review and future research directions},
  author={{\"O}ZDENIZCI, B{\"u}{\c{s}}ra and Aydin, Mehmet and Co{\c{s}}kun, Vedat and Ok, Kerem},
  booktitle={Published in 14th IBIMA Conference},
  pages={23--24},
  year={2010}
}

@article{ngai2008rfid,
  title={RFID: Technology, applications, and impact on business operations},
  author={Ngai, Eric and Riggins, Fred},
  journal={International Journal of Production Economics},
  volume={112},
  number={2},
  pages={507--509},
  year={2008},
  publisher={Elsevier}
}

@INPROCEEDINGS{4278549, 
author={Madlmayr, G. and Dillinger, O. and Langer, J. and Schaffer, C. and Kantner, C. and Scharinger, J.}, 
booktitle={Management of Mobile Business, 2007. ICMB 2007. International Conference on the}, 
title={The benefit of using SIM application toolkit in the context of near field communication applications}, 
year={2007}, 
month={July}, 
pages={5-5}, 
keywords={mobile handsets;mobile radio;security of data;telecommunication security;SIM application toolkit;mobile network operator;near field communication application;telecommunication security;Context;Cryptography;Data security;Emulation;ISO standards;Information security;Mobile handsets;Smart cards;Telephone sets;Usability}, 
doi={10.1109/ICMB.2007.62},}

@article{Deterding:2012:GDM:2212877.2212883,
 author = {Deterding, Sebastian},
 title = {Gamification: Designing for Motivation},
 journal = {interactions},
 issue_date = {July + August 2012},
 volume = {19},
 number = {4},
 month = jul,
 year = {2012},
 issn = {1072-5520},
 pages = {14--17},
 numpages = {4},
 doi = {10.1145/2212877.2212883},
 acmid = {2212883},
 publisher = {ACM},
 address = {New York, NY, USA},
} 

@inproceedings{nfcecosystem,
  title={Managing an nfc ecosystem},
  author={Madlmayr, Gerald and Langer, Josef and Scharinger, Josef},
  booktitle={Mobile Business, 2008. ICMB'08. 7th International Conference on},
  pages={95--101},
  year={2008},
  organization={IEEE}
}

@inproceedings{Deterding:2011:GUG:1979742.1979575,
 author = {Deterding, Sebastian and Sicart, Miguel and Nacke, Lennart and O'Hara, Kenton and Dixon, Dan},
 title = {Gamification. Using Game-design Elements in Non-gaming Contexts},
 booktitle = {CHI '11 Extended Abstracts on Human Factors in Computing Systems},
 series = {CHI EA '11},
 year = {2011},
 isbn = {978-1-4503-0268-5},
 location = {Vancouver, BC, Canada},
 pages = {2425--2428},
 numpages = {4},
 doi = {10.1145/1979742.1979575},
 acmid = {1979575},
 publisher = {ACM},
 address = {New York, NY, USA},
 keywords = {design patterns, funology, game design, games with a purpose, gamification, motivational affordances, persuasive technology},
} 

@article{barreto2013users,
  title={Do users look at banner ads on Facebook?},
  author={Barreto, Ana Margarida},
  journal={Journal of Research in Interactive Marketing},
  volume={7},
  number={2},
  pages={119--139},
  year={2013},
  publisher={Emerald Group Publishing Limited}
}

@book{marczewskigamification,
  title={Gamification: A Simple Introduction},
  author={Marczewski, A.},
  isbn={9781471798665},
  publisher={Andrzej Marczewski},
  year={2013},
}

@misc{ventata,
  title = {{Gamification Must Drive Software Ergonomics}},
  howpublished = {http://robertkugel.ventanaresearch.com/2013/10/02/gamification-must-drive-software-ergonomics},
  note = {Accessed: 21-10-2014}
}

@misc{gartner50,
  title = {{Gartner Says By 2015, More Than 50 Percent of Organizations That Manage Innovation Processes Will Gamify Those Processes}},
  howpublished = {http://www.gartner.com/newsroom/id/1629214},
  note = {Accessed: 21-10-2014}
}

@misc{gartner70,
  title = {{Gartner Predicts Over 70 Percent of Global 2000 Organisations Will Have at Least One Gamified Application by 2014}},
  howpublished = {http://www.gartner.com/newsroom/id/1844115},
  note = {Accessed: 21-10-2014}
}

@misc{grove2011gamification,
  title={Gamification: how competition is reinventing business, marketing and everyday life},
  author={Grove, JV},
  year={2011},
  publisher={Cornell University Press}
}

@article{motivationtypes,
  title={A meta-analytic review of experiments examining the effects of extrinsic rewards on intrinsic motivation.},
  author={Deci, Edward L and Koestner, Richard and Ryan, Richard M},
  journal={Psychological bulletin},
  volume={125},
  number={6},
  pages={627},
  year={1999},
  publisher={American Psychological Association}
}

@inproceedings{fogg1998persuasive,
  title={Persuasive computers: perspectives and research directions},
  author={Fogg, Brian J},
  booktitle={Proceedings of the SIGCHI conference on Human factors in computing systems},
  pages={225--232},
  year={1998},
  organization={ACM Press/Addison-Wesley Publishing Co.}
}

@article{fogg,
  title={Persuasive technology: using computers to change what we think and do},
  author={Fogg, Brian J},
  journal={Ubiquity},
  volume={2002},
  number={December},
  pages={5},
  year={2002},
  publisher={ACM}
}
@inproceedings{tieben2011curiosity,
  title={Curiosity and interaction: making people curious through interactive systems},
  author={Tieben, Rob and Bekker, Tilde and Schouten, Ben},
  booktitle={Proceedings of the 25th BCS Conference on Human-Computer Interaction},
  pages={361--370},
  year={2011},
  organization={British Computer Society}
}

@incollection{fogg1,
  title={Can you be persuaded? individual differences in susceptibility to persuasion},
  author={Kaptein, Maurits and Markopoulos, Panos and de Ruyter, Boris and Aarts, Emile},
  booktitle={Human-Computer Interaction--INTERACT 2009},
  pages={115--118},
  year={2009},
  publisher={Springer}
}

@inproceedings{fogg2,
  title={Evaluation of persuasion in Human-Computer Interface: a validation of a criteria-based approach},
  author={Nemery, Alexandra and Brangier, Eric and Kopp, Steve},
  booktitle={EU-Korea Conference on Sciences and Technology},
  pages={29--31},
  year={2010}
}

@inproceedings{wolbert2013evaluating,
  title={Evaluating NFC and touchscreen interactions in collaborative mobile pervasive games},
  author={Wolbert, Michael and El Ali, Abdallah},
  booktitle={Proceedings of the 15th international conference on Human-computer interaction with mobile devices and services},
  pages={522--527},
  year={2013},
  organization={ACM}
}


@article{mcdonalds,
  title={Should corporations be permitted to use promo-tional contests to manipulate the buying habits of children and youth?},
  author={Paxman, Katharina and Pelton, Tim and Pelton, Leslee Francis},
  journal={Tim Pelton, Giuliano Reis \& Suzanne L. Stewart},
  pages={65},
  year={2006}
}

@inproceedings{montola2005exploring,
  title={Exploring the edge of the magic circle: Defining pervasive games},
  author={Montola, Markus},
  booktitle={Proceedings of DAC},
  pages={103},
  year={2005}
}

@article{nicholson2012user, %http://www.quilageo.com/wp-content/uploads/2013/07/Framework-for-Meaningful-Gamifications.pdf http://www.click4it.org/images/c/ca/Gamification_original.pdf
  title={A user-centered theoretical framework for meaningful gamification},
  author={Nicholson, Scott},
  journal={Games+ Learning+ Society},
  volume={8},
  pages={1},
  year={2012}
}

@misc{iso14443,
   Key = {{ISO 14443}},
   publisher = {{ISO, Geneva, Switzerland}},
   type = {{Norm}},
   title = {{Identification cards – Contactless integrated circuit(s) cards – Proximity cards}},
   number = {{ISO 14443}},
   year = {{2000}},
}

@misc{iso18092,
   Key = {{ISO 18092}},
   publisher = {{ISO, Geneva, Switzerland}},
   type = {{Norm}},
   title = {{Near Field Communication - Interface and Protocol}},
   number = {{ISO 18092}},
   year = {{2013}},
}

@inproceedings{nfcloyal,
  title={NFC loyal: A beneficial model to promote loyalty on smart cards of mobile devices},
  author={Ozdenizci, Busra and Coskun, Vedat and Aydin, Mehmet N and Kerem, O},
  booktitle={Internet Technology and Secured Transactions (ICITST), 2010 International Conference for},
  pages={1--6},
  year={2010},
  organization={IEEE}
}

@Book{zichermann2011gamification,
 author = {Zichermann, Gabe},
 title = {Gamification by design : implementing game mechanics in web and mobile apps},
 publisher = {O'Reilly Media},
 year = {2011},
 address = {Sebastopol, Calif},
 isbn = {9781449397678}
 }

@article{bogost2011gamification,
  title={Gamification is bullshit},
  author={Bogost, Ian},
  journal={Ian Bogost blog},
  volume={8},
  pages={2011},
  year={2011}
}

@article{engagement,
  title={A brief history of entertainment technologies},
  author={Ng, Sheau},
  journal={Proceedings of the IEEE},
  volume={100},
  number={Special Centennial Issue},
  pages={1386--1390},
  year={2012},
  publisher={IEEE}
}

@Misc{smartUsers,
title = "{Smartphone Users Worldwide Will Total 1.75 Billion in 2014}",

howpublished = {http://www.emarketer.com/Article/Smartphone-Users-Worldwide-Will-Total-175-Billion-2014/1010536"},

note = {Accessed: 1/10/2014}

}

%%%%%%%%%%%%%%%%%%%%%%%%%%%%%%%%%%%%%%%%%%%%%%%%%%%%%%%%%%%%%%%%%%%%%%%%%%%%%%%
            DESIGN REFERENCES
%%%%%%%%%%%%%%%%%%%%%%%%%%%%%%%%%%%%%%%%%%%%%%%%%%%%%%%%%%%%%%%%%%%%%%%%%%%%%%%

